<?xml version="1.0"?>
<collection xmlns="http://www.loc.gov/MARC21/slim" xmlns:xsi="http://www.w3.org/2001/XMLSchema-instance" xsi:schemaLocation="http://www.loc.gov/MARC21/slim http://www.loc.gov/standards/marcxml/schema/MARC21slim.xsd">
  <record>
    <leader>04770nam a2200517 i 4500</leader>
    <controlfield tag="001">ZBWT00773155</controlfield>
    <controlfield tag="003">MiU</controlfield>
    <controlfield tag="005">20250825150346.0</controlfield>
    <controlfield tag="006">m     o  d        </controlfield>
    <controlfield tag="007">cr#unu||||||||</controlfield>
    <controlfield tag="008">250819t20251993miua    ob    001 0 eng d</controlfield>
    <datafield ind1=" " ind2=" " tag="020">
      <subfield code="z">9780472104048</subfield>
      <subfield code="q">hardcover book</subfield>
    </datafield>
    <datafield ind1=" " ind2=" " tag="020">
      <subfield code="z">472104047</subfield>
      <subfield code="q">hardcover book</subfield>
    </datafield>
    <datafield ind1=" " ind2=" " tag="020">
      <subfield code="a">9780472223527</subfield>
      <subfield code="q">electronic book</subfield>
    </datafield>
    <datafield ind1=" " ind2=" " tag="020">
      <subfield code="a">0472223526</subfield>
      <subfield code="q">electronic book</subfield>
    </datafield>
    <datafield ind1="8" ind2=" " tag="024">
      <subfield code="a">ZBWT00773155</subfield>
    </datafield>
    <datafield ind1="7" ind2=" " tag="024">
      <subfield code="a">10.3998/mpub.13444</subfield>
      <subfield code="2">doi</subfield>
    </datafield>
    <datafield ind1=" " ind2=" " tag="040">
      <subfield code="a">EYM</subfield>
      <subfield code="b">eng</subfield>
      <subfield code="e">rda</subfield>
      <subfield code="e">pn</subfield>
      <subfield code="c">EYM</subfield>
    </datafield>
    <datafield ind1=" " ind2=" " tag="043">
      <subfield code="a">n-us---</subfield>
    </datafield>
    <datafield ind1=" " ind2="4" tag="050">
      <subfield code="a">LB2342</subfield>
    </datafield>
    <datafield ind1="1" ind2=" " tag="100">
      <subfield code="a">McPherson, Michael S.,</subfield>
      <subfield code="e">author.</subfield>
      <subfield code="1">https://id.oclc.org/worldcat/entity/E39PCjtwX4VjjDQ4wxqh738bJP</subfield>
    </datafield>
    <datafield ind1="1" ind2="0" tag="245">
      <subfield code="a">Paying the piper :</subfield>
      <subfield code="b">productivity, incentives, and financing in U.S. higher education /</subfield>
      <subfield code="c">Michael S. McPherson, Morton Owen Schapiro, and Gordon C. Winston.</subfield>
    </datafield>
    <datafield ind1=" " ind2="1" tag="264">
      <subfield code="a">Ann Arbor :</subfield>
      <subfield code="b">University of Michigan Press,</subfield>
      <subfield code="c">2025.</subfield>
    </datafield>
    <datafield ind1=" " ind2="4" tag="264">
      <subfield code="c">&#xA9;1993</subfield>
    </datafield>
    <datafield ind1=" " ind2=" " tag="300">
      <subfield code="a">1 online resource (1 volume :</subfield>
      <subfield code="b">illustrations)</subfield>
    </datafield>
    <datafield ind1=" " ind2=" " tag="336">
      <subfield code="a">text</subfield>
      <subfield code="b">txt</subfield>
      <subfield code="2">rdacontent</subfield>
    </datafield>
    <datafield ind1=" " ind2=" " tag="337">
      <subfield code="a">computer</subfield>
      <subfield code="b">c</subfield>
      <subfield code="2">rdamedia</subfield>
    </datafield>
    <datafield ind1=" " ind2=" " tag="338">
      <subfield code="a">online resource</subfield>
      <subfield code="b">cr</subfield>
      <subfield code="2">rdacarrier</subfield>
    </datafield>
    <datafield ind1="1" ind2=" " tag="490">
      <subfield code="a">The Economics of education</subfield>
    </datafield>
    <datafield ind1=" " ind2=" " tag="504">
      <subfield code="a">Includes bibliographical references and index.</subfield>
    </datafield>
    <datafield ind1="0" ind2=" " tag="505">
      <subfield code="a">pt. 1. Background. Introduction / Michael S. McPherson, Morton Owen Schapiro, and Gordon C. Winston -- Trends in revenues and expenditures in U.S. higher education : where does the money come from? where does it go? / Scott W. Blasdell, Michael S. McPherson, and Morton Owen Schapiro -- pt. 2. Productivity and organization. The concept of productivity as applied to U.S. higher education / Morton Owen Schapiro -- The economics of cost, price, and quality in U.S. higher education / Michael S. McPherson and Gordon C. Winston -- The economics of academic tenure : a relational perspective / Michael S. McPherson and Gordon C. Winston -- pt. 3. Student finance. How can we tell if federal student aid is working? / Michael S. McPherson -- Federal student aid policy : can we learn from experience? / Michael S. McPherson -- Measuring the effects of federal student aid : an assessment of some methodological and empirical problems / Michael S. McPherson and Morton Owen Schapiro -- Robin Hood in the forests of academe / Gordon C. Winston.</subfield>
    </datafield>
    <datafield ind1="0" ind2=" " tag="505">
      <subfield code="a">pt. 4. Institutional finance. The effect of government financing on the behavior of colleges and universities / Michael S. McPherson and Morton Owen Schapiro -- Total college income : an economic overview of Williams College 1956-57 to 1986-87 / Gordon C. Winston -- The necessary revolution in financial accounting / Gordon C. Winston -- Why are capital costs ignored by nonprofit organizations and what are the prospects for change? / Gordon C. Winston -- pt. 5. Conclusion. The next frontier in higher education economics / Michael S. McPherson, Morton Owen Schapiro, and Gordon C. Winston.</subfield>
    </datafield>
    <datafield ind1=" " ind2=" " tag="520">
      <subfield code="a">Rising tuitions and shrinking government budgets have pushed questions about productivity and resource use in U.S. higher education to the fore. In PAYING THE PIPER three distinguished researchers examine the many successes of U.S. higher education, identify real problems, and carefully analyze potential solutions. Among the questions addressed are: On what do colleges and universities spend their money and how have their spending patterns changed over time; what does "quality" really mean in higher education and how is it related to price and cost; what are appropriate measures of "productivity"; and does increasing the amount of federal financial aid encourage colleges to raise their tuitions?</subfield>
    </datafield>
    <datafield ind1="8" ind2=" " tag="520">
      <subfield code="a">The essays comprising this volume demonstrate that the application of basic economic principles and a combination of both descriptive and econometric analyses can illuminate a number of issues. Using economic concepts and tools to provide insight into these pressing questions, PAYING THE PIPER helps us to understand the recent past, anticipate the future, and develop policies that can influence the future.</subfield>
    </datafield>
    <datafield ind1=" " ind2=" " tag="588">
      <subfield code="a">Description based on information from the publisher.</subfield>
    </datafield>
    <datafield ind1=" " ind2="0" tag="650">
      <subfield code="a">Education, Higher</subfield>
      <subfield code="z">United States</subfield>
      <subfield code="x">Finance.</subfield>
    </datafield>
    <datafield ind1=" " ind2="0" tag="650">
      <subfield code="a">Student aid</subfield>
      <subfield code="z">United States.</subfield>
    </datafield>
    <datafield ind1=" " ind2="0" tag="650">
      <subfield code="a">Universities and colleges</subfield>
      <subfield code="z">United States</subfield>
      <subfield code="x">Administration.</subfield>
    </datafield>
    <datafield ind1=" " ind2="4" tag="655">
      <subfield code="a">Electronic books.</subfield>
    </datafield>
    <datafield ind1="1" ind2=" " tag="700">
      <subfield code="a">Schapiro, Morton Owen,</subfield>
      <subfield code="e">author.</subfield>
      <subfield code="1">https://id.oclc.org/worldcat/entity/E39PBJxCwT8vkJ7CYFymFcqG73</subfield>
    </datafield>
    <datafield ind1="1" ind2=" " tag="700">
      <subfield code="a">Winston, Gordon C.,</subfield>
      <subfield code="e">author.</subfield>
      <subfield code="1">https://id.oclc.org/worldcat/entity/E39PBJtMhY7p78HxgK4Jccj6Kd</subfield>
    </datafield>
    <datafield ind1="2" ind2=" " tag="710">
      <subfield code="a">Michigan Publishing (University of Michigan),</subfield>
      <subfield code="e">publisher.</subfield>
    </datafield>
    <datafield ind1=" " ind2="0" tag="830">
      <subfield code="a">Economics of education.</subfield>
    </datafield>
    <datafield ind1="4" ind2="0" tag="856">
      <subfield code="u">https://doi.org/10.3998/mpub.13444</subfield>
    </datafield>
    <datafield ind1=" " ind2=" " tag="914">
      <subfield code="a">No-worldcat</subfield>
    </datafield>
    <datafield ind1=" " ind2=" " tag="915">
      <subfield code="a">RecordExternalImport</subfield>
    </datafield>
    <datafield ind1=" " ind2=" " tag="933">
      <subfield code="a">MPubCataloging</subfield>
    </datafield>
  </record>
</collection>
